%% This BibTeX bibliography file was created using BibDesk.
%% http://bibdesk.sourceforge.net/

%% Created for Levi Moraes at 2016-09-17 13:07:17 -0300 


%% Saved with string encoding Unicode (UTF-8) 


%% ISOS
@manual{_nbr_2016,
	Title = {{NBR} {ISO}/{IEC} 9126-1},
	Year = {2016}}

@manual{Square,
	Edition = {2011},
	Organization = {International Standards Organization},
	Title = {Systems and software engineering -- Systems and software Quality Requirements and Evaluation (SQuaRE) -- System and software quality models.}}
	
%%ARTIGOS QUALIDADE

@article{silva_painel_2014,
	Author = {Silva, Adriano Bezerra},
	Title = {Painel de acompanhamento de medidas e indicadores para monitoramento da qualidade de software},
	Year = {2014}}

@book{crosby_quality_1980,
	Author = {Crosby, Philip B},
	Publisher = {Signet},
	Title = {Quality is free: {The} art of making quality certain},
	Year = {1980}}


@inproceedings{verner_quality_2008,
	Author = {Verner, June M.},
	Booktitle = {Proceedings of the 6th international workshop on {Software} quality},
	Pages = {1--2},
	Publisher = {ACM},
	Title = {Quality {Software} {Development}: {What} do we need to improve in the software development process?},
	Year = {2008}}
	

%% GIT E GITHUB


@article{bento_alise_2013,
	Author = {BENTO, Giovanni Vieira and CASSIANO, Lorraine and SOARES, H{\'e}lio Rubens and SANTANA, S{\^o}nia Aparecida},
	Journal = {e-RAC},
	Number = {1},
	Title = {An{\'a}lise {Comparativa} de {Sistemas} de {Controle} de {Vers{\~o}es} com foco em {Versionamento} de {Banco} de {Dados} {Oracle}},
	Volume = {3},
	Year = {2013}}
	

@inproceedings{kelleher_employing_2014,
	Author = {Kelleher, John},
	Booktitle = {Computer {Applications} and {Information} {Systems} ({WCCAIS}), 2014 {World} {Congress} on},
	Pages = {1--4},
	Publisher = {IEEE},
	Title = {Employing git in the classroom},
	Year = {2014}}


@article{martinho_git_2013,
	Author = {MARTINHO, Marcus and MUNIZ, Elson},
	Journal = {GIT SCM: Sistema de Controle de Versionamento Distribu{\'\i}do},
	Title = {{GIT} {SCM}: {Sistema} de {Controle} de {Versionamento} {Distribu{\'\i}do}},
	Year = {2013}}



	





